@book{HE,
  author        = {von Helmholtz, H. L. F.},
  title         = {On the sensations of tone as a physiological basis for the theory of music},
  publisher     = {Longmans, Green, and Co.},
  year          = {1895},
  address       = {London, New York},
  translator    = {Ellis, A. J.}
}

@misc{Skript,
  author        = {Kranhold, F. and Mertz, C.},
  title         = {Musiktheorie. Das Kurzkurskurzskript},
  publisher     = {CdE-MusikAkademie 2022},
  year          = {2022}
}

@thesis{Maria,
  author        = {Ravvina, M.},
  title         = {Intonationsbewusstes Singen in der Mehrstimmigkeit},
  year          = {2023},
  type          = {Masterarbeit},
  school        = {Hochschule für Musik, Theater und Medien Hannover}
}

@book{deLaMotte,
  author        = {de la Motte, D.},
  title         = {Harmonielehre},
  publisher     = {Bärenreiter},
  year          = {1976},
  address       = {Kassel}
}
